@article{gneiting2007strictly,
  title={Strictly proper scoring rules, prediction, and estimation},
  author={Gneiting, Tilmann and Raftery, Adrian E},
  journal={Journal of the American Statistical Association},
  volume={102},
  number={477},
  pages={359--378},
  year={2007},
  publisher={Taylor \& Francis}
}

@article{valiant1984theory,
  title={A theory of the learnable},
  author={Valiant, Leslie G},
  journal={Communications of the ACM},
  volume={27},
  number={11},
  pages={1134--1142},
  year={1984},
  publisher={ACM}
}

@article{kearns1994efficient,
  title={Efficient distribution-free learning of probabilistic concepts},
  author={Kearns, Michael J and Schapire, Robert E},
  journal={Journal of Computer and System Sciences},
  volume={48},
  number={3},
  pages={464--497},
  year={1994},
  publisher={Elsevier}
}

@inproceedings{wang2014structure,
  title={Structure learning via parameter learning},
  author={Wang, William Yang and Mazaitis, Kathryn and Cohen, William W},
  booktitle={Proceedings of the 23rd ACM International Conference on Conference on Information and Knowledge Management},
  pages={1199--1208},
  year={2014},
  organization={ACM}
}

@inproceedings{lao2011random,
  title={Random walk inference and learning in a large scale knowledge base},
  author={Lao, Ni and Mitchell, Tom and Cohen, William W},
  booktitle={Proceedings of the Conference on Empirical Methods in Natural Language Processing},
  pages={529--539},
  year={2011},
  organization={Association for Computational Linguistics}
}

@inproceedings{raghavan2012learning,
  title={Learning to read between the lines using Bayesian Logic Programs},
  author={Raghavan, Sindhu and Mooney, Raymond J and Ku, Hyeonseo},
  booktitle={Proceedings of the 50th Annual Meeting of the Association for Computational Linguistics: Long Papers-Volume 1},
  pages={349--358},
  year={2012},
  organization={Association for Computational Linguistics}
}

@inproceedings{DBLP:conf/emnlp/SchoenmackersDEW10,
  author    = {Stefan Schoenmackers and
               Jesse Davis and
               Oren Etzioni and
               Daniel S. Weld},
  title     = {Learning First-Order Horn Clauses from Web Text},
  booktitle = {Proceedings of the 2010 Conference on Empirical Methods in Natural
               Language Processing, {EMNLP} 2010, 9-11 October 2010, {MIT} Stata
               Center, Massachusetts, USA, {A} meeting of SIGDAT, a Special Interest
               Group of the {ACL}},
  pages     = {1088--1098},
  year      = {2010}
}

@article{fierens2015inference,
  title={Inference and learning in probabilistic logic programs using weighted Boolean formulas},
  author={Fierens, Daan and Van den Broeck, Guy and Renkens, Joris and Shterionov, Dimitar and Gutmann, Bernd and Thon, Ingo and Janssens, Gerda and De Raedt, Luc},
  journal={Theory and Practice of Logic Programming},
  volume={15},
  number={3},
  pages={358--401},
  year={2015},
  publisher={Cambridge University Press}
}

@article{dalvi2012dichotomy,
  title={The dichotomy of probabilistic inference for unions of conjunctive queries},
  author={Dalvi, Nilesh and Suciu, Dan},
  journal={Journal of the ACM (JACM)},
  volume={59},
  number={6},
  pages={30},
  year={2012},
  publisher={ACM}
}

@inproceedings{pascanu2013difficulty,
  title={On the difficulty of training recurrent neural networks},
  author={Pascanu, Razvan and Mikolov, Tomas and Bengio, Yoshua},
  booktitle={International Conference on Machine Learning},
  pages={1310--1318},
  year={2013}
}


@article{theobald_learning,
  author    = {Maximilian Dylla and
               Martin Theobald},
  title     = {Learning Tuple Probabilities},
  journal   = {CoRR},
  volume    = {abs/1609.05103},
  year      = {2016},
  url       = {http://arxiv.org/abs/1609.05103},
  archivePrefix = {arXiv},
  eprint    = {1609.05103},
}

@book{abiteboul1995foundations,
  title={Foundations of databases: the logical level},
  author={Abiteboul, Serge and Hull, Richard and Vianu, Victor},
  year={1995},
  publisher={Addison-Wesley Longman Publishing Co., Inc.}
}

@article{DBLP:journals/ftdb/BroeckS17,
  author    = {Guy {Van den Broeck} and
               Dan Suciu},
  title     = {Query Processing on Probabilistic Data: {A} Survey},
  journal   = {Foundations and Trends in Databases},
  volume    = {7},
  number    = {3-4},
  pages     = {197--341},
  year      = {2017},
  url       = {https://doi.org/10.1561/1900000052}
}

@inproceedings{DBLP:conf/sigmod/AgrawalIS93,
  author    = {Rakesh Agrawal and
               Tomasz Imielinski and
               Arun N. Swami},
  title     = {Mining Association Rules between Sets of Items in Large Databases},
  booktitle = {Proceedings of the 1993 {ACM} {SIGMOD} International Conference on
               Management of Data, Washington, DC, USA, May 26-28, 1993.},
  pages     = {207--216},
  year      = {1993},
  crossref  = {DBLP:conf/sigmod/93},
  url       = {http://doi.acm.org/10.1145/170035.170072},
  doi       = {10.1145/170035.170072},
  timestamp = {Wed, 14 Nov 2018 10:56:20 +0100},
  biburl    = {https://dblp.org/rec/bib/conf/sigmod/AgrawalIS93},
  bibsource = {dblp computer science bibliography, https://dblp.org}
}

@article{FOIL,
  author    = {J. Ross Quinlan},
  title     = {Learning Logical Definitions from Relations},
  journal   = {Machine Learning},
  volume    = {5},
  pages     = {239--266},
  year      = {1990}
}

@inproceedings{NELL,
  author    = {Justin Betteridge and
               Andrew Carlson and
               Sue Ann Hong and
               Estevam R. Hruschka Jr. and
               Edith L. M. Law and
               Tom M. Mitchell and
               Sophie H. Wang},
  title     = {Toward Never Ending Language Learning},
  booktitle = {Learning by Reading and Learning to Read, Papers from the 2009 {AAAI}
               Spring Symposium, Technical Report SS-09-07, Stanford, California,
               USA, March 23-25, 2009},
  pages     = {1--2},
  year      = {2009},
  crossref  = {DBLP:conf/aaaiss/2009-7},
  url       = {http://www.aaai.org/Library/Symposia/Spring/2009/ss09-07-001.php},
  timestamp = {Fri, 17 Feb 2012 13:59:25 +0100},
  biburl    = {https://dblp.org/rec/bib/conf/aaaiss/BetteridgeCHHLMW09},
  bibsource = {dblp computer science bibliography, https://dblp.org}
}



@book{2016Raedt,
  author    = {Luc {De Raedt} and
               Kristian Kersting and
               Sriraam Natarajan and
               David Poole},
  title     = {Statistical Relational Artificial Intelligence: Logic, Probability,
               and Computation},
  series    = {Synthesis Lectures on Artificial Intelligence and Machine Learning},
  publisher = {Morgan {\&} Claypool Publishers},
  year      = {2016}
}

@inproceedings{DBLP:conf/uai/GribkoffBS14,
  author    = {Eric Gribkoff and
               Guy Van den Broeck and
               Dan Suciu},
  title     = {Understanding the Complexity of Lifted Inference and Asymmetric Weighted
               Model Counting},
  booktitle = {Proceedings of the Thirtieth Conference on Uncertainty in Artificial
               Intelligence, {UAI} 2014},
  pages     = {280--289},
  year      = {2014},
}

@inproceedings{DBLP:conf/kr/CeylanDB16,
  author    = {{\.I}smail {\.I}lkan Ceylan and
               Adnan Darwiche and
               Guy {Van den Broeck}},
  title     = {Open-World Probabilistic Databases},
  booktitle = {Principles of Knowledge Representation and Reasoning: Proceedings
               of the Fifteenth International Conference, {KR} 2016},
  pages     = {339--348},
  year      = {2016},
}

@inproceedings{DBLP:conf/ijcai/RaedtDTBV15,
  author    = {Luc {De Raedt} and
               Anton Dries and
               Ingo Thon and
               Guy {Van den Broeck} and
               Mathias Verbeke},
  title     = {Inducing Probabilistic Relational Rules from Probabilistic Examples},
  booktitle = {Proceedings of the Twenty-Fourth International Joint Conference on
               Artificial Intelligence, {IJCAI} 2015},
  pages     = {1835--1843},
  year      = {2015},
}

@inproceedings{DBLP:conf/adbt/Reiter77,
  author    = {Raymond Reiter},
  title     = {On Closed World Data Bases},
  booktitle = {Logic and Data Bases, Symposium on Logic and Data Bases, Centre d'{\'{e}}tudes
               et de recherches de Toulouse, France, 1977.},
  pages     = {55--76},
  year      = {1977},
}

@inproceedings{DBLP:conf/pods/DalviS07a,
  author    = {Nilesh N. Dalvi and
               Dan Suciu},
  title     = {The dichotomy of conjunctive queries on probabilistic structures},
  booktitle = {Proceedings of the Twenty-Sixth {ACM} {SIGACT-SIGMOD-SIGART} Symposium
               on Principles of Database Systems, June 11-13, 2007, Beijing, China},
  pages     = {293--302},
  year      = {2007},
}

@article{DBLP:journals/vldb/GalarragaTHS15,
  author    = {Luis Gal{\'{a}}rraga and
               Christina Teflioudi and
               Katja Hose and
               Fabian M. Suchanek},
  title     = {Fast rule mining in ontological knowledge bases with {AMIE+}},
  journal   = {{VLDB} J.},
  volume    = {24},
  number    = {6},
  pages     = {707--730},
  year      = {2015},
  url       = {https://doi.org/10.1007/s00778-015-0394-1},
  doi       = {10.1007/s00778-015-0394-1},
}

@article{DBLP:journals/ngc/Muggleton95,
  author    = {Stephen Muggleton},
  title     = {Inverse Entailment and Progol},
  journal   = {New Generation Comput.},
  volume    = {13},
  number    = {3{\&}4},
  pages     = {245--286},
  year      = {1995},
  url       = {https://doi.org/10.1007/BF03037227},
  doi       = {10.1007/BF03037227},
  timestamp = {Sun, 28 May 2017 13:20:54 +0200},
  biburl    = {https://dblp.org/rec/bib/journals/ngc/Muggleton95},
  bibsource = {dblp computer science bibliography, https://dblp.org}
}

@inproceedings{DBLP:conf/www/ZupancD18,
  author    = {Kaja Zupanc and
               Jesse Davis},
  title     = {Estimating Rule Quality for Knowledge Base Completion with the Relationship
               between Coverage Assumption},
  booktitle = {Proceedings of the 2018 World Wide Web Conference on World Wide Web,
               {WWW} 2018, Lyon, France, April 23-27, 2018},
  pages     = {1073--1081},
  year      = {2018},
}

@article{baydin2017automatic,
  title={Automatic differentiation in machine learning: a survey.},
  author={Baydin, Atilim Gunes and Pearlmutter, Barak A and Radul, Alexey Andreyevich and Siskind, Jeffrey Mark},
  journal={Journal of machine learning research},
  volume={18},
  number={153},
  pages={1--153},
  year={2017}
}

@inproceedings{bekker2017positive,
  title={Positive and unlabeled relational classification through label frequency estimation},
  author={Bekker, Jessa and Davis, Jesse},
  booktitle={International Conference on Inductive Logic Programming},
  pages={16--30},
  year={2017},
  organization={Springer}
}

@article{DBLP:journals/pvldb/GribkoffS16,
  author    = {Eric Gribkoff and
               Dan Suciu},
  title     = {SlimShot: In-Database Probabilistic Inference for Knowledge Bases},
  journal   = {{PVLDB}},
  volume    = {9},
  number    = {7},
  pages     = {552--563},
  year      = {2016},
  url       = {http://www.vldb.org/pvldb/vol9/p552-gribkoff.pdf},
  doi       = {10.14778/2904483.2904487},
  timestamp = {Thu, 16 Aug 2018 11:33:42 +0200},
  biburl    = {https://dblp.org/rec/bib/journals/pvldb/GribkoffS16},
  bibsource = {dblp computer science bibliography, https://dblp.org}
}

@inproceedings{DBLP:conf/www/SuchanekKW07,
  author    = {Fabian M. Suchanek and
               Gjergji Kasneci and
               Gerhard Weikum},
  title     = {Yago: a core of semantic knowledge},
  booktitle = {{WWW}},
  pages     = {697--706},
  publisher = {{ACM}},
  year      = {2007}
}

@misc{SafeSample,
author =   {Eric Gribkoff},
title =    {SafeSample},
howpublished = {\url{https://github.com/UCLA-StarAI/slimshot}},
year = {2017}
}

@book{DBLP:books/sp/ClocksinM81,
  author    = {W. F. Clocksin and
               Chris Mellish},
  title     = {Programming in Prolog},
  publisher = {Springer},
  year      = {1981},
  url       = {http://www.worldcat.org/oclc/07811708},
  isbn      = {0387110461},
  timestamp = {Thu, 01 Jun 2017 18:57:38 +0200},
  biburl    = {https://dblp.org/rec/bib/books/sp/ClocksinM81},
  bibsource = {dblp computer science bibliography, https://dblp.org}
}

@article{DBLP:journals/corr/abs-1806-11391,
  author    = {Sebastijan Dumancic and
               Alberto Garc{\'{\i}}a{-}Dur{\'{a}}n and
               Mathias Niepert},
  title     = {On embeddings as an alternative paradigm for relational learning},
  journal   = {CoRR},
  volume    = {abs/1806.11391},
  year      = {2018},
  url       = {http://arxiv.org/abs/1806.11391},
  archivePrefix = {arXiv},
  eprint    = {1806.11391},
  timestamp = {Mon, 13 Aug 2018 16:49:07 +0200},
  biburl    = {https://dblp.org/rec/bib/journals/corr/abs-1806-11391},
  bibsource = {dblp computer science bibliography, https://dblp.org}
}